@phdthesis{doyle95,
  author       = {C. M. Doyle},
  school       = {University of California at Berkeley},
  year         = 1995,
}
@article{garcia05,
  title={Microstructural modeling and design of rechargeable lithium-ion batteries},
  author={Garc{\i}a, R Edwin and Chiang, Yet-Ming and Carter, W Craig and Limthongkul, Pimpa and Bishop, Catherine M},
  journal={Journal of The Electrochemical Society},
  volume={152},
  number={1},
  pages={A255--A263},
  year={2005},
  publisher={The Electrochemical Society}
}