@ARTICLE{García2005,
author={García, R.E. and Chiang, Y.-M. and Carter, W.C. and Limthongkul, P. and Bishop, C.M.},
title={Microstructural modeling and design of rechargeable lithium-ion batteries},
journal={Journal of the Electrochemical Society},
year={2005},
volume={152},
number={1},
pages={A255-A263},
doi={10.1149/1.1836132},
document_type={Article},
}
