@ARTICLE{Garcia2005,
author={Garc√≠a, R.E. and Chiang, Y.-M. and Carter, W.C. and Limthongkul, P. and Bishop, C.M.},
title={Microstructural modeling and design of rechargeable lithium-ion batteries},
journal={Journal of the Electrochemical Society},
year={2005},
volume={152},
number={1},
pages={A255-A263},
doi={10.1149/1.1836132},
document_type={Article},
}

@misc {NGSolve,
  author={Sch{\"o}berl, Joachim},
  title={NGSolve Finite Element Library},
  year={2016},
  howpublished={\url{https://sourceforge.net/projects/ngsolve/}}
}

@article{Netgen,
author={Sch{\"o}berl, Joachim},
title={NETGEN An advancing front 2D/3D-mesh generator based on abstract rules},
journal={Computing and Visualization in Science},
year={1997},
volume={1},
number={1},
pages={41--52},
issn={1432-9360},
@Comment doi={10.1007/s007910050004},
@Comment url={http://dx.doi.org/10.1007/s007910050004}
}

@phdthesis{Doyle1995,
author={Doyle, C. M.},
school={University of California at Berkeley, Berkeley, CA},
year=1995,
}